
@article{kouame_apprentissage_1998,
	title = {L'apprentissage de la sociabilité dans les collèges parisiens à la fin du Moyen Âge},
	volume = {1},
	url = {https://www.cairn.info/revue-hypotheses-1998-1-page-133.htm},
	doi = {10.3917/hyp.971.0133},
	pages = {133--140},
	number = {1},
	journaltitle = {Hypothèses},
	shortjournal = {Hypothèses},
	author = {Kouamé, Thierry},
	date = {1998},
	note = {Place: Paris
Publisher: Éditions de la Sorbonne},
}

@misc{georges_reunion_2021,
	title = {Réunion virtuelle de fonds d’archives. Les technologies numériques au service de la valorisation du patrimoine, mémoire de master « Technologies numériques appliquées à l’histoire », dir. Ariane Pinche},
	shorttitle = {Réunion virtuelle de fonds d’archives. Les technologies numériques au service de la valorisation du patrimoine},
	publisher = {École nationale des chartes},
	author = {Georges, Arsène},
	date = {2021},
}

@online{poupeau_les_2018,
	title = {Les technos du Web sémantique ont-elles tenu leurs promesses ?},
	url = {http://www.lespetitescases.net/les-technos-du-web-semantique-ont-elles-tenu-leurs-promesses},
	titleaddon = {Les petites cases},
	author = {Poupeau, Gautier},
	urldate = {2023-10-12},
	date = {2018},
}

@unpublished{clavaud_nouvelle_2023,
	location = {Ecole nationale des Chartes},
	title = {La nouvelle norme Records in Contexts : un modèle conceptuel et une ontologie {OWL}  pour la description des archives},
	author = {Clavaud, Florence},
	date = {2023},
}

@article{du_mouza_lhistoire_2023,
	title = {De l’histoire numérique à l’histoire données ?},
	doi = {https://doi.org/10.4000/framespa.14374},
	number = {42},
	journaltitle = {Les Cahiers de Framespa},
	author = {du Mouza, Cédric and Lamassé, Stéphane and Rygiel, Philippe},
	date = {2023-07-04},
}

@article{genet_base_1990,
	title = {Base de données et problématique historique : l’Université de Paris au Moyen Âge},
	doi = {https://doi.org/10.3406/medio.1990.1275},
	pages = {15--16},
	number = {21},
	journaltitle = {Le médieviste et l'ordinateur},
	author = {Genet, Jean-Philippe},
	date = {1990},
}

@article{dozo_donnees_2008,
	title = {Données biographiques et données relationnelles},
	url = {http://journals.openedition.org/contextes/1933},
	doi = {https://doi.org/10.4000/contextes.1933},
	number = {3},
	journaltitle = {{COnTEXTES}},
	author = {Dozo, Björn-Olav},
	date = {2008-06-13},
}

@article{compere_direction_2001,
	title = {La direction d’établissement dans les collèges de l’université de Paris sous l’Ancien Régime},
	volume = {90},
	url = {http://journals.openedition.org/histoire-education/829},
	doi = {https://doi.org/10.4000/histoire-education.829},
	pages = {21--78},
	journaltitle = {Histoire de l'éducation},
	author = {Compère, Marie-Madeleine and Noguès, Boris},
	date = {2001},
}
